@inproceedings{,
 author = {TODO},
 title = {Needs Citation},
 booktitle = {What do I know},
 series = {Some series},
 year = 2050,
 address = {Somwhere},
 pages = {0},
 publisher = {Unknown},
}


@inproceedings{eisenberg_typefamilies_2014,
 author = {Eisenberg, Richard A. and Vytiniotis, Dimitrios and {Peyton Jones}, Simon and Weirich, Stephanie},
 title = {Closed Type Families with Overlapping Equations},
 booktitle = {Proceedings of the 41st ACM SIGPLAN-SIGACT Symposium on Principles of Programming Languages},
 series = {POPL '14},
 year = 2014,
 address = {San Diego, California, USA},
 pages = {671--683},
 publisher = {ACM},
}


@article{morris_typefamilies_2017,
 author     = {Morris, J. Garrett and Eisenberg, Richard A.},
 title      = {Constrained Type Families},
 journal    = {Proc. ACM Program. Lang.},
 issue_date = {September 2017},
 volume     = {1},
 number     = {ICFP},
 month      = aug,
 year       = {2017},
 issn       = {2475-1421},
 pages      = {42:1--42:28},
 articleno  = {42},
 numpages   = {28},
 url        = {http://doi.acm.org/10.1145/3110286},
 doi        = {10.1145/3110286},
 acmid      = {3110286},
 publisher  = {ACM},
 address    = {New York, NY, USA},
 keywords   = {Haskell, Type classes, Type families, Type-level computation},
}

@inproceedings{jones_tcfd_2000,
 author = {Mark P. Jones},
 title = {Type Classes with Functional Dependencies},
 booktitle = {Proceedings of the 9th European Symposium on Programming Languages and Systems},
 series = {ESOP '00},
 year = {2000},
 pages = {230--244},
 publisher = {Springer-Verlag},
 address = {Berlin, Germany}
 }

@inproceedings{wadler_polymorphism_1989,
 author = {Philip Wadler and Stephen Blott},
 title = {How to make ad-hoc polymorphism less ad hoc},
 booktitle = {Proceedings of the 16th ACM SIGPLAN-SIGACT symposium on Principles of programming languages},
 url = {https://doi.org/10.1145/75277.75283}, 
 doi = {10.1145/75277.75283},
 series = {POPL '89},
 year = {1989},
 pages = {60--76},
 address = {Austin, Texas, USA},
 publisher = {ACM},
}



@book{jones_qualified_1994,
	location = {Cambridge, {UK}},
	title = {Qualified Types: Theory and Practice},
	isbn = {978-0-521-54326-2},
	shorttitle = {Qualified Types},
	pagetotal = {176},
	publisher = {Cambridge University Press},
	author = {Jones, Mark P.},
	date = {1994},
	year = {1994},
	langid = {english},
	address = {Cambridge, UK},
	keywords = {Computers / Programming / General, Computers / Programming Languages / General, Computers / Software Development \& Engineering / General, Mathematics / Discrete Mathematics},
}


@inproceedings{amstrong_dependency_1974,
  title={Dependency Structures of Data Base Relationships.},
  author={Armstrong, William Ward},
  booktitle={IFIP congress},
  volume={74},
  pages={580--583},
  year={1974},
  organization={Geneva, Switzerland}
}


@article{codd_realtional_1970,
author = {Codd, E. F.},
title = {A Relational Model of Data for Large Shared Data Banks},
year = {1970},
issue_date = {June 1970},
publisher = {Association for Computing Machinery},
address = {New York, NY, USA},
volume = {13},
number = {6},
issn = {0001-0782},
url = {https://doi.org/10.1145/362384.362685},
doi = {10.1145/362384.362685},
journal = {Commun. ACM},
month = jun,
pages = {377â€“387},
numpages = {11},
keywords = {networks of data, relations, derivability, data integrity, hierarchies of data, data bank, data structure, data organization, composition, retrieval language, data base, predicate calculus, security, redundancy, consistency, join}
}



@article{karachalias_elaboration_2017,
	title = {Elaboration on functional dependencies: functional dependencies are dead, long live functional dependencies},
	volume = {52},
	issn = {0362-1340},
	url = {https://doi.org/10.1145/3156695.3122966},
	doi = {10.1145/3156695.3122966},
	shorttitle = {Elaboration on functional dependencies},
	pages = {133--147},
	number = {10},
	journal = {{ACM} {SIGPLAN} Notices},
	series = {Haskell '17},
	shortjournal = {{SIGPLAN} Not.},
	author = {Karachalias, Georgios and Schrijvers, Tom},
	urldate = {2021-07-05},
	year = {2017},
	date = {2017-09-07},
	keywords = {Haskell, functional dependencies, System {FC}},
}

